@misc{web1,
  title = {World Health Organisation},
  howpublished = {\url{https://www.who.int/emergencies/diseases/novel-coronavirus-2019/question-and-answers-hub/q-a-detail/q-a-coronaviruses}},
}

@misc{web2,
  title = {A breif History of Coronaviruses},
  howpublished = {\url{https://theconversation.com/coronaviruses-a-brief-history-135506}},
}

@misc{web3,
  title = {What a Coronavirus does to the Body},
  howpublished = {\url{https://www.nationalgeographic.com/science/2020/02/here-is-what-coronavirus-does-to-the-body/}},
}

@misc{web4,
  title = {Tests may miss more than 1 in 5 Covid-19 Cases},
  howpublished = {\url{https://www.medicalnewstoday.com/articles/tests-may-miss-more-than-1-in-5-covid-19-cases}},
}

@misc{web5,
  title = {Coronavirus pandemic: Tracking the global outbreak},
  howpublished = {\url{https://www.bbc.com/news/world-51235105}},
}


@article{paper1,
  title={A deep learning algorithm using CT images to screen for Corona Virus Disease (COVID-19)},
  author={Shuai Wang, Bo Kang, Jinlu Ma, Mingming Xiao, Jia Gua, Mengjiao Yang, Yaodong Li, Xiangfei Meng, Bo Xu},
  journal={--},
  volume={--},
  pages={--},
  year={2020},
  publisher={--}
}

@article{paper2,
  title={Automatic Detection of Coronavirus Disease (COVID-19) Using X-ray Images and Deep Convolutional Neural Networks},
  author={Ali Narin, Ceren Kaya, Ziynet Pamuk},
  journal={--},
  volume={--},
  pages={--},
  year={2020},
  publisher={--}
}

@article{paper3,
  title={Guest editorial deep learning in medical imaging: overview and future promise of an exciting new technique.},
  author={Greenspan H, Van Ginneken B, Summers RM},
  journal={--},
  volume={--},
  pages={--},
  year={2016},
  publisher={--}
}

@article{paper4,
  title={Covid‑19: automatic detection from X‑ray images utilizing transfer learning with convolutional neural networks},
  author={Ioannis D. Apostolopoulos, Tzani A. Mpesiana},
  journal={--},
  volume={--},
  pages={--},
  year={2020},
  publisher={--}
}

@article{paper5,
  title={Economic effects of coronavirus outbreak (COVID-19) on the world economy},
  author={Fernandes, Nuno},
  journal={Available at SSRN 3557504},
  year={2020}
}

@article{paper6,
  title={Classification of COVID-19 in chest X-ray images using DeTraC deep convolutional neural network},
  author={Asmaa Abbas, Mohammed M., Abdelsamea, Mohamed, Medhat Gaber},
  journal={--},
  year={2020}
}

@article{paper7,
  title={Deep Learning for Screening COVID-19 using Chest X-Ray Images},
  author={Sanhita Basu, Sushmita Mitra, Nilanjan Saha},
  journal={--},
  year={2020}
}

@article{paper8,
  title={A Deep Learning System to Screen Novel Coronavirus Disease 2019 Pneumonia},
  author={Xu, Xiaowei and Jiang, Xiangao and Ma, Chunlian and Du, Peng and Li, Xukun and Lv, Shuangzhi and Yu, Liang and Ni, Qin and Chen, Yanfei and Su, Junwei and others},
  journal={Engineering},
  year={2020},
  publisher={Elsevier}
}

@article{paper9,
  title={Lung infection quantification of covid-19 in ct images with deep learning},
  author={Shan, Fei and Gao, Yaozong and Wang, Jun and Shi, Weiya and Shi, Nannan and Han, Miaofei and Xue, Zhong and Shi, Yuxin},
  journal={arXiv preprint arXiv:2003.04655},
  year={2020}
}

@book{book1,
  title={Neural networks for pattern recognition},
  author={Bishop, Christopher M and others},
  year={1995},
  publisher={Oxford university press}
}
